<?xml version="1.0" encoding="UTF-8"?><Document xmlns:xsi="http://www.w3.org/2001/XMLSchema-instance" xmlns="urn:iso:std:iso:20022:tech:xsd:camt.053.001.08"><BkToCstmrStmt><GrpHdr><MsgId>541600002353752419</MsgId><CreDtTm>2025-07-11T10:35:31.594</CreDtTm><MsgPgntn><PgNb>1</PgNb><LastPgInd>true</LastPgInd></MsgPgntn><AddtlInf>SPS/PROD</AddtlInf></GrpHdr><Stmt><Id>580700027374410094</Id><ElctrncSeqNb>46</ElctrncSeqNb><CreDtTm>2025-06-28T01:27:44.128+02:00</CreDtTm><FrToDt><FrDtTm>2025-06-27T00:00:00</FrDtTm><ToDtTm>2025-06-27T23:59:59</ToDtTm></FrToDt><Acct><Id><IBAN>CH560079000000051934</IBAN></Id><Ccy>CHF</Ccy><Ownr><Nm>Muster-Genossenschaft </Nm><PstlAdr><StrtNm>Musterstrasse 257</StrtNm><PstCd>3018</PstCd><TwnNm>Bern</TwnNm></PstlAdr></Ownr></Acct><Bal><Tp><CdOrPrtry><Cd>CLBD</Cd></CdOrPrtry></Tp><Amt Ccy="CHF">398.12</Amt><CdtDbtInd>CRDT</CdtDbtInd><Dt><Dt>2025-06-27</Dt></Dt></Bal><Bal><Tp><CdOrPrtry><Cd>OPBD</Cd></CdOrPrtry></Tp><Amt Ccy="CHF">385.12</Amt><CdtDbtInd>CRDT</CdtDbtInd><Dt><Dt>2025-06-26</Dt></Dt></Bal><Ntry><Amt Ccy="CHF">214.00</Amt><CdtDbtInd>DBIT</CdtDbtInd><Sts><Cd>BOOK</Cd></Sts><BookgDt><Dt>2025-06-27</Dt></BookgDt><ValDt><Dt>2025-06-27</Dt></ValDt><AcctSvcrRef>541600002324899893</AcctSvcrRef><BkTxCd><Domn><Cd>PMNT</Cd><Fmly><Cd>ICDT</Cd><SubFmlyCd>AUTT</SubFmlyCd></Fmly></Domn></BkTxCd><NtryDtls><TxDtls><Refs><AcctSvcrRef>541600002324899893</AcctSvcrRef><EndToEndId>541600002245896281</EndToEndId></Refs><Amt Ccy="CHF">214.00</Amt><CdtDbtInd>DBIT</CdtDbtInd><RltdPties><Cdtr><Pty><Nm>Test AG</Nm><PstlAdr><AdrLine>8401 Winterthur</AdrLine></PstlAdr></Pty></Cdtr><CdtrAcct><Id><IBAN>CH20300000000000005712</IBAN></Id></CdtrAcct></RltdPties><RltdAgts><CdtrAgt><FinInstnId><Nm>PostFinance AG</Nm></FinInstnId></CdtrAgt></RltdAgts><RmtInf><Strd><CdtrRefInf><Tp><CdOrPrtry><Prtry>QRR</Prtry></CdOrPrtry></Tp><Ref>145197461500014250476978124</Ref></CdtrRefInf></Strd></RmtInf></TxDtls></NtryDtls><AddtlNtryInf>Ihr E-Banking-Auftrag</AddtlNtryInf></Ntry><Ntry><Amt Ccy="CHF">300.00</Amt><CdtDbtInd>CRDT</CdtDbtInd><Sts><Cd>BOOK</Cd></Sts><BookgDt><Dt>2025-06-27</Dt></BookgDt><ValDt><Dt>2025-06-27</Dt></ValDt><AcctSvcrRef>424500009094137418</AcctSvcrRef><BkTxCd><Domn><Cd>PMNT</Cd><Fmly><Cd>RCDT</Cd><SubFmlyCd>AUTT</SubFmlyCd></Fmly></Domn></BkTxCd><NtryDtls><TxDtls><Refs><AcctSvcrRef>424500009094137418</AcctSvcrRef><EndToEndId>60/Exempel-Baugen. Bern</EndToEndId></Refs><Amt Ccy="CHF">300.00</Amt><CdtDbtInd>CRDT</CdtDbtInd><RltdPties><Dbtr><Pty><Nm>Exempel-Baugenossenschaft</Nm><PstlAdr><AdrLine>Hauensteinweg 14</AdrLine><AdrLine>3008 Bern</AdrLine></PstlAdr></Pty></Dbtr></RltdPties><RltdAgts><DbtrAgt><FinInstnId><BICFI>POFICHBEXXX</BICFI><Nm>PostFinance AG</Nm><PstlAdr><Ctry>CH</Ctry><AdrLine>3030 Bern</AdrLine></PstlAdr></FinInstnId></DbtrAgt></RltdAgts></TxDtls></NtryDtls><AddtlNtryInf>Zahlungseingang</AddtlNtryInf></Ntry><Ntry><NtryRef>CH7830790016000001934</NtryRef><Amt Ccy="CHF">60.00</Amt><CdtDbtInd>CRDT</CdtDbtInd><Sts><Cd>BOOK</Cd></Sts><BookgDt><Dt>2025-06-27</Dt></BookgDt><ValDt><Dt>2025-06-27</Dt></ValDt><AcctSvcrRef>424500009094184743</AcctSvcrRef><BkTxCd><Domn><Cd>PMNT</Cd><Fmly><Cd>RCDT</Cd><SubFmlyCd>VCOM</SubFmlyCd></Fmly></Domn></BkTxCd><AddtlInfInd><MsgNmId>camt.054</MsgNmId><MsgId>161935259201</MsgId></AddtlInfInd><NtryDtls></NtryDtls><AddtlNtryInf>Zahlungseingang QRR</AddtlNtryInf></Ntry></Stmt></BkToCstmrStmt></Document>
