<?xml version="1.0" encoding="UTF-8"?>
<Document xmlns="urn:iso:std:iso:20022:tech:xsd:camt.054.001.04" xmlns:xsi="http://www.w3.org/2001/XMLSchema-instance" xsi:schemaLocation="urn:iso:std:iso:20022:tech:xsd:camt.054.001.04 camt.054.001.04.xsd"><BkToCstmrDbtCdtNtfctn><GrpHdr><MsgId>20240304375204481753450</MsgId><CreDtTm>2024-03-04T23:34:22</CreDtTm><MsgPgntn><PgNb>1</PgNb><LastPgInd>true</LastPgInd></MsgPgntn><AddtlInf>SPS/1.7/PROD</AddtlInf></GrpHdr>
<Ntfctn><Id>20240304375204481753454</Id><CreDtTm>2024-03-04T23:34:22</CreDtTm><FrToDt><FrDtTm>2024-02-27T00:00:00</FrDtTm><ToDtTm>2024-03-04T23:59:59</ToDtTm></FrToDt><RptgSrc><Prtry>OTHR</Prtry></RptgSrc><Acct><Id><IBAN>CH5509000000895344367</IBAN></Id><Ownr><Nm>Wohnbaugenossenschaft Warmbächli Geschäftsstelle Bern</Nm></Ownr></Acct>

<Ntry><NtryRef>CH9130000GS1895344367</NtryRef><Amt Ccy="CHF">1.00</Amt><CdtDbtInd>CRDT</CdtDbtInd><RvslInd>false</RvslInd><Sts>BOOK</Sts><BookgDt><Dt>2024-02-28</Dt></BookgDt><ValDt><Dt>2024-02-28</Dt></ValDt><AcctSvcrRef>05942000BFEQ68KU</AcctSvcrRef><BkTxCd><Domn><Cd>PMNT</Cd><Fmly><Cd>RCDT</Cd><SubFmlyCd>VCOM</SubFmlyCd></Fmly></Domn></BkTxCd><NtryDtls><Btch><NbOfTxs>1</NbOfTxs></Btch><TxDtls><Refs><AcctSvcrRef>240227CH0BF63ILA</AcctSvcrRef><InstrId>20240227000800127430192</InstrId><Prtry><Tp>00</Tp><Ref>20240228375204269746267</Ref></Prtry></Refs><Amt Ccy="CHF">1.00</Amt><CdtDbtInd>CRDT</CdtDbtInd><BkTxCd><Domn><Cd>PMNT</Cd><Fmly><Cd>RCDT</Cd><SubFmlyCd>AUTT</SubFmlyCd></Fmly></Domn></BkTxCd><RltdPties><Dbtr><Nm>Wohnbaugen. Warmbächli</Nm><PstlAdr><StrtNm>Holligerhof</StrtNm><BldgNb>8</BldgNb><PstCd>3008</PstCd><TwnNm>Bern</TwnNm><Ctry>CH</Ctry></PstlAdr></Dbtr><DbtrAcct><Id><IBAN>CH5509000000895344367</IBAN></Id></DbtrAcct><CdtrAcct><Id><IBAN>CH9130000GS1895344367</IBAN></Id></CdtrAcct></RltdPties><RltdAgts><DbtrAgt><FinInstnId><BICFI>POFICHBEXXX</BICFI><Nm>POSTFINANCE AG</Nm><PstlAdr><AdrLine>MINGERSTRASSE 20</AdrLine><AdrLine>3030 BERN</AdrLine></PstlAdr></FinInstnId></DbtrAgt></RltdAgts><RmtInf><Strd><CdtrRefInf><Tp><CdOrPrtry><Prtry>QRR</Prtry></CdOrPrtry></Tp><Ref>990000000000000000000000005</Ref></CdtrRefInf><AddtlRmtInf>?REJECT?0</AddtlRmtInf><AddtlRmtInf>?ERROR?000</AddtlRmtInf><AddtlRmtInf>Test 1</AddtlRmtInf></Strd></RmtInf><RltdDts><AccptncDtTm>2024-02-28T20:00:00</AccptncDtTm></RltdDts></TxDtls></NtryDtls><AddtlNtryInf>SAMMELGUTSCHRIFT FÜR KONTO: CH9130000GS1895344367 VERARBEITUNG VOM 28.02.2024 PAKET ID: 240228CH00000HSZ</AddtlNtryInf></Ntry>

</Ntfctn></BkToCstmrDbtCdtNtfctn></Document>
